


@article {pardon,
    AUTHOR = {Pardon, John},
     TITLE = {An algebraic approach to virtual fundamental cycles on moduli
              spaces of pseudo-holomorphic curves},
   JOURNAL = {Geom. Topol.},
  FJOURNAL = {Geometry \& Topology},
    VOLUME = {20},
      YEAR = {2016},
    NUMBER = {2},
     PAGES = {779--1034},
      ISSN = {1465-3060},
   MRCLASS = {37J10 (53D35 53D37 53D40 53D42 53D45 54B40 57R17)},
  MRNUMBER = {3493097},
       DOI = {10.2140/gt.2016.20.779},
       URL = {http://dx.doi.org/10.2140/gt.2016.20.779},
}
		
@article {spivak,
    AUTHOR = {Spivak, David I.},
     TITLE = {Derived smooth manifolds},
   JOURNAL = {Duke Math. J.},
  FJOURNAL = {Duke Mathematical Journal},
    VOLUME = {153},
      YEAR = {2010},
    NUMBER = {1},
     PAGES = {55--128},
      ISSN = {0012-7094},
     CODEN = {DUMJAO},
   MRCLASS = {57R99 (18B99 18E99 18F20 55N99 55U40)},
  MRNUMBER = {2641940},
MRREVIEWER = {G{\'e}rald Gaudens},
       DOI = {10.1215/00127094-2010-021},
       URL = {http://dx.doi.org/10.1215/00127094-2010-021},
}

@book {spivak-thesis,
    AUTHOR = {Spivak, David Isaac},
     TITLE = {Quasi-smooth derived manifolds},
      NOTE = {Thesis (Ph.D.)--University of California, Berkeley},
 PUBLISHER = {ProQuest LLC, Ann Arbor, MI},
      YEAR = {2007},
     PAGES = {131},
      ISBN = {978-0549-16961-1},
   MRCLASS = {Thesis},
  MRNUMBER = {2710585},
       URL =
              {http://gateway.proquest.com/openurl?url_ver=Z39.88-2004&rft_val_fmt=info:ofi/fmt:kev:mtx:dissertation&res_dat=xri:pqdiss&rft_dat=xri:pqdiss:3275609},
}
		














